% Encoding: UTF-8
@book{Criminisi2013,
  title={Decision forests for computer vision and medical image analysis},
  author={Criminisi, Antonio and Shotton, Jamie},
  year={2013},
  publisher={Springer Science \& Business Media}
}
@Article{Warfield2000,
  author    = {S.K Warfield and Michael Kaus and Ferenc A Jolesz and Ron Kikinis},
  title     = {Adaptive, template moderated, spatially varying statistical classification},
  journal   = {Medical Image Analysis},
  year      = {2000},
  volume    = {4},
  number    = {1},
  pages     = {43--55},
  month     = {mar},
  doi       = {10.1016/s1361-8415(00)00003-7},
  publisher = {Elsevier {BV}},
}

@Article{Cocosco2003,
  author    = {Chris A. Cocosco and Alex P. Zijdenbos and Alan C. Evans},
  title     = {A fully automatic and robust brain {MRI} tissue classification method},
  journal   = {Medical Image Analysis},
  year      = {2003},
  volume    = {7},
  number    = {4},
  pages     = {513--527},
  month     = {dec},
  doi       = {10.1016/s1361-8415(03)00037-9},
  publisher = {Elsevier {BV}},
}

@Article{Anbeek2004,
  author    = {Petronella Anbeek and Koen L. Vincken and Matthias J.P. van Osch and Robertus H.C. Bisschops and Jeroen van der Grond},
  title     = {Probabilistic segmentation of white matter lesions in {MR} imaging},
  journal   = {{NeuroImage}},
  year      = {2004},
  volume    = {21},
  number    = {3},
  pages     = {1037--1044},
  month     = {mar},
  doi       = {10.1016/j.neuroimage.2003.10.012},
  publisher = {Elsevier {BV}},
}

@Article{Pereira2016,
  author    = {S{\'{e}}rgio Pereira and Adriano Pinto and Jorge Oliveira and AdriÃ«nne M. Mendrik and Jos{\'{e}} H. Correia and Carlos A. Silva},
  title     = {Automatic brain tissue segmentation in {MR} images using Random Forests and Conditional Random Fields},
  journal   = {Journal of Neuroscience Methods},
  year      = {2016},
  volume    = {270},
  pages     = {111--123},
  month     = {sep},
  doi       = {10.1016/j.jneumeth.2016.06.017},
  publisher = {Elsevier {BV}},
}

@Comment{jabref-meta: databaseType:bibtex;}
